@inproceedings{sridharan2015memory,
  title={Memory errors in modern systems: The good, the bad, and the ugly},
  author={Sridharan, Vilas and DeBardeleben, Nathan and Blanchard, Sean and Ferreira, Kurt B and Stearley, Jon and Shalf, John and Gurumurthi, Sudhanva},
  booktitle={ACM SIGPLAN Notices},
  volume={50},
  number={4},
  pages={297--310},
  year={2015},
  organization={ACM}
}

@inproceedings{kuvaiskii2016haft,
  title={HAFT: Hardware-assisted fault tolerance},
  author={Kuvaiskii, Dmitrii and Faqeh, Rasha and Bhatotia, Pramod and Felber, Pascal and Fetzer, Christof},
  booktitle={Proceedings of the Eleventh European Conference on Computer Systems},
  pages={25},
  year={2016},
  organization={ACM}
}

@inproceedings{liu2015clover,
  title={Clover: Compiler directed lightweight soft error resilience},
  author={Liu, Qingrui and Jung, Changhee and Lee, Dongyoon and Tiwari, Devesh},
  booktitle={ACM Sigplan Notices},
  volume={50},
  number={5},
  pages={2},
  year={2015},
  organization={ACM}
}

@inproceedings{oleksenko2016efficient,
  title={Efficient Fault Tolerance using Intel MPX and TSX},
  author={Oleksenko, Oleksii and Kuvaiskii, Dmitrii and Bhatotia, Pramod and Fetzer, Christof and Felber, Pascal},
  booktitle={Fast Abstract in the 46th Annual IEEE/IFIP International Conference on Dependable Systems and Networks},
  year={2016}
}

@inproceedings{haas2017fault,
  title={Fault-Tolerant Execution on COTS Multi-core Processors with Hardware Transactional Memory Support},
  author={Haas, Florian and Weis, Sebastian and Ungerer, Theo and Pokam, Gilles and Wu, Youfeng},
  booktitle={International Conference on Architecture of Computing Systems},
  pages={16--30},
  year={2017},
  organization={Springer}
}

@article{hammarlund2014haswell,
  title={Haswell: The fourth-generation intel core processor},
  author={Hammarlund, Per and Martinez, Alberto J and Bajwa, Atiq A and Hill, David L and Hallnor, Erik and Jiang, Hong and Dixon, Martin and Derr, Michael and Hunsaker, Mikal and Kumar, Rajesh and others},
  journal={IEEE Micro},
  volume={34},
  number={2},
  pages={6--20},
  year={2014},
  publisher={IEEE}
}

@book{herlihy1993transactional,
  title={Transactional memory: Architectural support for lock-free data structures},
  author={Herlihy, Maurice and Moss, J Eliot B},
  volume={21},
  number={2},
  year={1993},
  publisher={ACM}
}

@article{Hyper-Threading,
  title={Hyper-Threading Technology Architecture and Microarchitecture},
  author={Marr, Debbie and Binns, Frank and Hill, D and Hinton, Glenn and Koufaty, D and others},
  journal={Intel Technology Journal},
  volume={6},
  number={1},
  pages={4--15},
  year={2002},
  publisher={Intel}
}

@book{GCC2017,
  title={Using The Gnu Compiler Collection: For Gcc Version 7.0.1},
  author={Stallman, Richard M and DeveloperCommunity, GCC},
  year={2016},
  publisher={GNU Press}
}

@online{Coarse-grained-TSX,
	author = {Reinders, James},
	title = {Coarse-grained locks and Transactional Synchronization explained},
	date = {February, 2012},
	url = {https://software.intel.com/en-us/blogs/2012/02/07/coarse-grained-locks-and-transactional-synchronization-explained}
}

@online{IntelMPX,
	author = {RB (Intel)},
	title = {Introduction to Intel Memory Protection Extensions},
	date = {July, 2013},
	url = {https://software.intel.com/en-us/articles/introduction-to-intel-memory-protection-extensions}
}

@inproceedings{yoo2013performance,
	title={Performance evaluation of Intel{\textregistered} transactional synchronization extensions for high-performance computing},
	author={Yoo, Richard M and Hughes, Christopher J and Lai, Konrad and Rajwar, Ravi},
	booktitle={High Performance Computing, Networking, Storage and Analysis (SC), 2013 International Conference for},
	pages={1--11},
	year={2013},
	organization={IEEE}
}

@inproceedings{bienia2009parsec,
	title={Parsec 2.0: A new benchmark suite for chip-multiprocessors},
	author={Bienia, Christian and Li, Kai},
	booktitle={Proceedings of the 5th Annual Workshop on Modeling, Benchmarking and Simulation},
	volume={2011},
	year={2009}
}

@inproceedings{kuvaiskii2016elzar,
  title={ELZAR: Triple Modular Redundancy using Intel AVX (Practical Experience Report)},
  author={Kuvaiskii, Dmitrii and Oleksenko, Oleskii and Bhatotia, Pramod and Felber, Pascal and Fetzer, Christof},
  booktitle={Dependable Systems and Networks (DSN), 2016 46th Annual IEEE/IFIP International Conference on},
  pages={646--653},
  year={2016},
  organization={IEEE}
}

@inproceedings{reis2005swift,
  title={SWIFT: Software implemented fault tolerance},
  author={Reis, George A and Chang, Jonathan and Vachharajani, Neil and Rangan, Ram and August, David I},
  booktitle={Proceedings of the international symposium on Code generation and optimization},
  pages={243--254},
  year={2005},
  organization={IEEE Computer Society}
}

@inproceedings{calhoun2014flipit,
  title={FlipIt: An LLVM based fault injector for HPC},
  author={Calhoun, Jon and Olson, Luke and Snir, Marc},
  booktitle={European Conference on Parallel Processing},
  pages={547--558},
  year={2014},
  organization={Springer}
}

@article{constantinescu2003trends,
  title={Trends and challenges in VLSI circuit reliability},
  author={Constantinescu, Cristian},
  journal={IEEE micro},
  volume={23},
  number={4},
  pages={14--19},
  year={2003},
  publisher={IEEE}
}

@article{zhang2012daft,
  title={DAFT: decoupled acyclic fault tolerance},
  author={Zhang, Yun and Lee, Jae W and Johnson, Nick P and August, David I},
  journal={International Journal of Parallel Programming},
  volume={40},
  number={1},
  pages={118--140},
  year={2012},
  publisher={Springer}
}

@inproceedings{bautista2016unprotected,
  title={Unprotected computing: a large-scale study of DRAM raw error rate on a supercomputer},
  author={Bautista-Gomez, Leonardo and Zyulkyarov, Ferad and Unsal, Osman and McIntosh-Smith, Simon},
  booktitle={High Performance Computing, Networking, Storage and Analysis, SC16: International Conference for},
  pages={645--655},
  year={2016},
  organization={IEEE}
}

@inproceedings{mitropoulou2016comet,
  title={COMET: communication-optimised multi-threaded error-detection technique},
  author={Mitropoulou, Konstantina and Porpodas, Vasileios and Jones, Timothy M},
  booktitle={Proceedings of the International Conference on Compilers, Architectures and Synthesis for Embedded Systems},
  pages={7},
  year={2016},
  organization={ACM}
}

@article{michalak2005predicting,
  title={Predicting the number of fatal soft errors in Los Alamos National Laboratory's ASC Q supercomputer},
  author={Michalak, Sarah E and Harris, Kevin W and Hengartner, Nicolas W and Takala, Bruce E and Wender, Stephen A},
  journal={IEEE Transactions on Device and Materials Reliability},
  volume={5},
  number={3},
  pages={329--335},
  year={2005},
  publisher={IEEE}
}

@inproceedings{wang2007compiler,
  title={Compiler-managed software-based redundant multi-threading for transient fault detection},
  author={Wang, Cheng and Kim, Ho-seop and Wu, Youfeng and Ying, Victor},
  booktitle={Proceedings of the International Symposium on Code Generation and Optimization},
  pages={244--258},
  year={2007},
  organization={IEEE Computer Society}
}

@inproceedings{upasani2014avoiding,
  title={Avoiding core's DUE \& SDC via acoustic wave detectors and tailored error containment and recovery},
  author={Upasani, Gaurang and Vera, Xavier and Gonz{\'a}lez, Antonio},
  booktitle={ACM SIGARCH Computer Architecture News},
  volume={42},
  number={3},
  pages={37--48},
  year={2014},
  organization={IEEE Press}
}

@inproceedings{yeh1996triple,
  title={Triple-triple redundant 777 primary flight computer},
  author={Yeh, Ying C},
  booktitle={Aerospace Applications Conference, 1996. Proceedings., 1996 IEEE},
  volume={1},
  pages={293--307},
  year={1996},
  organization={IEEE}
}

@inproceedings{ni2013acr,
  title={ACR: Automatic checkpoint/restart for soft and hard error protection},
  author={Ni, Xiang and Meneses, Esteban and Jain, Nikhil and Kal{\'e}, Laxmikant V},
  booktitle={Proceedings of the International Conference on High Performance Computing, Networking, Storage and Analysis},
  pages={7},
  year={2013},
  organization={ACM}
}

@inproceedings{mitropoulou2016lynx,
  title={Lynx: Using OS and Hardware Support for Fast Fine-Grained Inter-Core Communication},
  author={Mitropoulou, Konstantina and Porpodas, Vasileios and Zhang, Xiaochun and Jones, Timothy M},
  booktitle={Proceedings of the 2016 International Conference on Supercomputing},
  pages={18},
  year={2016},
  organization={ACM}
}

@misc{GCC,
  title = {{GCC:} GNU Compiler Collection.},
  howpublished = {\url{http://gcc.gnu.org}},
  note = {Accessed: 20/08/2017}
}

@inproceedings{calhoun2017towards,
  title={Towards a More Complete Understanding of SDC Propagation},
  author={Calhoun, Jon and Snir, Marc and Olson, Luke N and Gropp, William D},
  booktitle={Proceedings of the 26th International Symposium on High-Performance Parallel and Distributed Computing},
  pages={131--142},
  year={2017},
  organization={ACM}
}

@inproceedings{feng2010shoestring,
  title={Shoestring: probabilistic soft error reliability on the cheap},
  author={Feng, Shuguang and Gupta, Shantanu and Ansari, Amin and Mahlke, Scott},
  booktitle={ACM SIGARCH Computer Architecture News},
  volume={38},
  number={1},
  pages={385--396},
  year={2010},
  organization={ACM}
}

@inproceedings{laguna2016ipas,
  title={Ipas: Intelligent protection against silent output corruption in scientific applications},
  author={Laguna, Ignacio and Schulz, Martin and Richards, David F and Calhoun, Jon and Olson, Luke},
  booktitle={Proceedings of the 2016 International Symposium on Code Generation and Optimization},
  pages={227--238},
  year={2016},
  organization={ACM}
}

@article{magro2002hyper,
  title={Hyper-Threading Technology: Impact on Compute-Intensive Workloads.},
  author={Magro, William and Petersen, Paul and Shah, Sanjiv},
  journal={Intel Technology Journal},
  volume={6},
  number={1},
  year={2002}
}

@inproceedings{saini2011impact,
  title={The impact of hyper-threading on processor resource utilization in production applications},
  author={Saini, Subhash and Jin, Haoqiang and Hood, Robert and Barker, David and Mehrotra, Piyush and Biswas, Rupak},
  booktitle={High Performance Computing (HiPC), 2011 18th International Conference on},
  pages={1--10},
  year={2011},
  organization={IEEE}
}

@article{heroux2009improvingMantevo,
  title={Improving performance via mini-applications},
  author={Heroux, Michael A and Doerfler, Douglas W and Crozier, Paul S and Willenbring, James M and Edwards, H Carter and Williams, Alan and Rajan, Mahesh and Keiter, Eric R and Thornquist, Heidi K and Numrich, Robert W},
  journal={Sandia National Laboratories, Tech. Rep. SAND2009-5574},
  volume={3},
  year={2009}
}

@article{avizienisLaprie2004basic,
  title={Basic concepts and taxonomy of dependable and secure computing},
  author={Avizienis, Algirdas and Laprie, J-C and Randell, Brian and Landwehr, Carl},
  journal={IEEE transactions on dependable and secure computing},
  volume={1},
  number={1},
  pages={11--33},
  year={2004},
  publisher={IEEE}
}

@article{reinhardt2000detectionSimultaneousMultithreading,
  title={Transient fault detection via simultaneous multithreading},
  author={Reinhardt, Steven K and Mukherjee, Shubhendu S},
  volume={28},
  number={2},
  year={2000},
  publisher={ACM}
}


@inproceedings{vijaykumar2002recoverySimultaneousMultithreading,
  title={Transient-fault recovery using simultaneous multithreading},
  author={Vijaykumar, TN and Pomeranz, Irith and Cheng, Karl},
  booktitle={ACM SIGARCH Computer Architecture News},
  volume={30},
  number={2},
  pages={87--98},
  year={2002},
  organization={IEEE Computer Society}
}

@inproceedings{giacomoni2008fastforward,
  title={FastForward for efficient pipeline parallelism: a cache-optimized concurrent lock-free queue},
  author={Giacomoni, John and Moseley, Tipp and Vachharajani, Manish},
  booktitle={Proceedings of the 13th ACM SIGPLAN Symposium on Principles and practice of parallel programming},
  pages={43--52},
  year={2008},
  organization={ACM}
}

@inproceedings{lee2010lock,
  title={A lock-free, cache-efficient multi-core synchronization mechanism for line-rate network traffic monitoring},
  author={Lee, Patrick PC and Bu, Tian and Chandranmenon, Girish},
  booktitle={Parallel \& Distributed Processing (IPDPS), 2010 IEEE International Symposium on},
  pages={1--12},
  year={2010},
  organization={IEEE}
}

@article{wang2013bQueue,
  title={B-Queue: efficient and practical queuing for fast core-to-core communication},
  author={Wang, Junchang and Zhang, Kai and Tang, Xinan and Hua, Bei},
  journal={International Journal of Parallel Programming},
  pages={1--23},
  year={2013},
  publisher={Springer}
}